<record><leader>00000cas a22000007a 4500</leader><controlfield tag="001">23997670</controlfield><controlfield tag="008">910627d19uu19uuohuwr ne      0    0eng d</controlfield><datafield ind1=" " ind2=" " tag="010"><subfield code="a">sn 91069986 </subfield></datafield><datafield ind1=" " ind2=" " tag="040"><subfield code="a">ONP</subfield><subfield code="b">eng</subfield><subfield code="c">ONP</subfield><subfield code="d">OCLCQ</subfield><subfield code="d">UKMGB</subfield></datafield><datafield ind1="7" ind2=" " tag="016"><subfield code="a">013905278</subfield><subfield code="2">Uk</subfield></datafield><datafield ind1=" " ind2=" " tag="042"><subfield code="a">msc</subfield></datafield><datafield ind1="0" ind2=" " tag="130"><subfield code="a">Weekly examiner (Bellefontaine, Ohio : 1981)</subfield></datafield><datafield ind1="1" ind2="4" tag="245"><subfield code="a">The Weekly examiner.</subfield></datafield><datafield ind1=" " ind2=" " tag="260"><subfield code="a">Bellefontaine, Ohio :</subfield><subfield code="b">[s.n.]</subfield></datafield><datafield ind1=" " ind2=" " tag="300"><subfield code="a">v.</subfield></datafield><datafield ind1=" " ind2=" " tag="310"><subfield code="a">Weekly</subfield></datafield><datafield ind1=" " ind2=" " tag="588"><subfield code="a">Description based on: Apr. 20, 1981 issue.</subfield></datafield><datafield ind1=" " ind2=" " tag="752"><subfield code="a">United States</subfield><subfield code="b">Ohio</subfield><subfield code="c">Logan</subfield><subfield code="d">Bellefontaine.</subfield></datafield><datafield ind1="0" ind2=" " tag="775"><subfield code="t">Bellefontaine examiner (Bellefontaine, Ohio : 1949)</subfield><subfield code="w">(DLC)sn 84008407</subfield></datafield></record>